@article{gautier2008rpy2,
  title={rpy2: A Simple and Efficient Access to R from Python},
  author={Gautier, L},
  journal={URL http://rpy. sourceforge. net/rpy2. html},
  year={2008}
}