\documentclass[../thesis.tex]{subfiles}

@article{hay2017global,
  title={Global, regional, and national incidence, prevalence, and years lived with disability for 328 diseases and injuries for 195 countries, 1990--2016: a systematic analysis for the Global Burden of Disease Study 2016},
  author={Hay, SI and others},
  year={2017},
  journal = {The Lancet},
  volume = {390},
  number = {10100},
  pages = {1211 - 1259},
  note={Elsevier}
}

@article{savarese2017global,
  title={Global Public Health Burden of Heart Failure},
  author={Savarese, Gianluigi and Lund, Lars H},
  journal={Cardiac failure review},
  volume={3},
  number={1},
  pages={7},
  year={2017},
  note={Radcliffe Cardiology}
}

@article{braunwald2015war,
  title={The war against heart failure: the Lancet lecture},
  author={Braunwald, Eugene},
  journal={The Lancet},
  volume={385},
  number={9970},
  pages={812--824},
  year={2015},
  note={Elsevier}
}

@article{tripoliti2017heart,
  title={Heart failure: diagnosis, severity estimation and prediction of adverse events through machine learning techniques},
  author={Tripoliti, Evanthia E and Papadopoulos, Theofilos G and Karanasiou, Georgia S and Naka, Katerina K and Fotiadis, Dimitrios I},
  journal={Computational and structural biotechnology journal},
  volume={15},
  pages={26--47},
  year={2017},
  note={Elsevier}
}

@article{alonso2015exploring,
  title={Exploring guidelines for classification of major heart failure subtypes by using machine learning},
  author={Alonso-Betanzos, Amparo and Bol{\'o}n-Canedo, Ver{\'o}nica and Heyndrickx, Guy R and Kerkhof, Peter LM},
  journal={Clinical Medicine Insights: Cardiology},
  volume={9},
  pages={CMC--S18746},
  year={2015},
  note={SAGE Publications Sage UK: London, England}
}

@article{lam2014middle,
  title={The middle child in heart failure: heart failure with mid-range ejection fraction (40--50\%)},
  author={Lam, Carolyn SP and Solomon, Scott D},
  journal={European journal of heart failure},
  volume={16},
  number={10},
  pages={1049--1055},
  year={2014},
  note={Wiley Online Library}
}

@article{ponikowski20162016,
  title={2016 ESC Guidelines for the diagnosis and treatment of acute and chronic heart failure: The Task Force for the diagnosis and treatment of acute and chronic heart failure of the European Society of Cardiology (ESC) Developed with the special contribution of the Heart Failure Association (HFA) of the ESC},
  author={Ponikowski, Piotr and Voors, Adriaan A and Anker, Stefan D and Bueno, H{\'e}ctor and Cleland, John GF and Coats, Andrew JS and Falk, Volkmar and Gonz{\'a}lez-Juanatey, Jos{\'e} Ram{\'o}n and Harjola, Veli-Pekka and Jankowska, Ewa A and others},
  journal={European heart journal},
  volume={37},
  number={27},
  pages={2129--2200},
  year={2016},
  note={Oxford University Press}
}

@article{inamdar2016heart,
  title={Heart failure: diagnosis, management and utilization},
  author={Inamdar, Arati A and Inamdar, Ajinkya C},
  journal={Journal of clinical medicine},
  volume={5},
  number={7},
  pages={62},
  year={2016},
  note={Multidisciplinary Digital Publishing Institute}
}

@article{cheng2014outcomes,
  title={Outcomes in patients with heart failure with preserved, borderline, and reduced ejection fraction in the Medicare population},
  author={Cheng, Richard K and Cox, Margueritte and Neely, Megan L and Heidenreich, Paul A and Bhatt, Deepak L and Eapen, Zubin J and Hernandez, Adrian F and Butler, Javed and Yancy, Clyde W and Fonarow, Gregg C},
  journal={American heart journal},
  volume={168},
  number={5},
  pages={721--730},
  year={2014},
  note={Elsevier}
}

@article{crespo2016european,
  title={European Society of Cardiology Heart Failure Long-Term Registry (ESC-HF-LT): 1-year follow-up outcomes and differences across regions},
  author={Crespo-Leiro, Maria G and Anker, Stefan D and Maggioni, Aldo P and Coats, Andrew J and Filippatos, Gerasimos and Ruschitzka, Frank and Ferrari, Roberto and Piepoli, Massimo Francesco and Delgado Jimenez, Juan F and Metra, Marco and others},
  journal={European journal of heart failure},
  volume={18},
  number={6},
  pages={613--625},
  year={2016},
  note={Wiley Online Library}
}

@article{hsu2017heart,
  title={Heart failure with mid-range (borderline) ejection fraction: Clinical implications and future directions},
  author={Hsu, Jeffrey J and Ziaeian, Boback and Fonarow, Gregg C},
  journal={JACC: Heart Failure},
  year={2017},
  note={Elsevier}
}

@article{yancy2013,
  title={2013 ACCF/AHA guideline for the management of heart failure: a report of the American College of Cardiology Foundation/American Heart Association Task Force on Practice Guidelines},
  author={Yancy, Clyde W and Jessup, Mariell and Bozkurt, Biykem and Butler, Javed and Casey, Donald E and Drazner, Mark H and Fonarow, Gregg C and Geraci, Stephen A and Horwich, Tamara and Januzzi, James L and others},
  journal={Journal of the American College of Cardiology},
  volume={62},
  number={16},
  pages={e147--e239},
  year={2013},
  note={Journal of the American College of Cardiology}
}

@article{son2012decision,
  title={Decision-making model for early diagnosis of congestive heart failure using rough set and decision tree approaches},
  author={Son, Chang-Sik and Kim, Yoon-Nyun and Kim, Hyung-Seop and Park, Hyoung-Seob and Kim, Min-Soo},
  journal={Journal of biomedical informatics},
  volume={45},
  number={5},
  pages={999--1008},
  year={2012},
  note={Elsevier}
}

@book{henein2010heart,
  title={Heart failure in clinical practice},
  author={Henein, Michael Y},
  year={2010},
  publisher={Springer}
}

@article{mckee1971natural,
  title={The natural history of congestive heart failure: the Framingham study},
  author={McKee, Patrick A and Castelli, William P and McNamara, Patricia M and Kannel, William B},
  journal={New England Journal of Medicine},
  volume={285},
  number={26},
  pages={1441--1446},
  year={1971},
  note={Mass Medical Soc}
}

@article{carlson1985analysis,
  title={An analysis of physicians' reasons for prescribing long-term digitalis therapy in outpatients},
  author={Carlson, Karen J and Lee, Daniel C-S and Goroll, Allan H and Leahy, Marianne and Johnson, Robert Arnold},
  journal={Journal of chronic diseases},
  volume={38},
  number={9},
  pages={733--739},
  year={1985},
  note={Elsevier}
}

@article{eriksson1987cardiac,
  title={Cardiac and pulmonary causes of dyspnoeaâ€”validation of a scoring test for clinical-epidemiological use: the Study of Men Born in 1913},
  author={Eriksson, H and Caidaul, K and Larsson, B and Ohlson, L-O and Welin, L and Wilhelmsen, L and Sv{\"a}rdsudd, K},
  journal={European heart journal},
  volume={8},
  number={9},
  pages={1007--1014},
  year={1987},
  note={Oxford University Press}
}

@article{swedberg2005guidelines,
  title={Guidelines for the diagnosis and treatment of chronic heart failure: executive summary (update 2005) The Task Force for the Diagnosis and Treatment of Chronic Heart Failure of the European Society of Cardiology},
  author={Swedberg, Karl and Cleland, John and Dargie, Henry and Drexler, Helmut and Follath, Ferenc and Komajda, Michel and Tavazzi, Luigi and Smiseth, Otto A and Gavazzi, Antonello and Haverich, Axel and others},
  journal={European heart journal},
  volume={26},
  number={11},
  pages={1115--1140},
  year={2005},
  note={Oxford University Press}
}

@article{roger2010heart,
  title={The heart failure epidemic},
  author={Roger, V{\'e}ronique L},
  journal={International journal of environmental research and public health},
  volume={7},
  number={4},
  pages={1807--1830},
  year={2010},
  publisher={Molecular Diversity Preservation International}
}

@article{pandit2011natriuretic,
  title={Natriuretic peptides: Diagnostic and therapeutic use},
  author={Pandit, Kaushik and Mukhopadhyay, Pradip and Ghosh, Sujoy and Chowdhury, Subhankar},
  journal={Indian journal of endocrinology and metabolism},
  volume={15},
  number={Suppl4},
  pages={S345},
  year={2011},
  publisher={Medknow Publications}
}